<record><leader>00000cas a2200000 a 4500</leader><controlfield tag="001">21182362</controlfield><controlfield tag="008">900307d1889190uiluwr ne      0   a0eng c</controlfield><datafield ind1=" " ind2=" " tag="010"><subfield code="a">sn 90054522 </subfield></datafield><datafield ind1=" " ind2=" " tag="040"><subfield code="a">NVF</subfield><subfield code="b">eng</subfield><subfield code="c">NVF</subfield><subfield code="d">NYG</subfield><subfield code="d">NVF</subfield><subfield code="d">OCLCF</subfield><subfield code="d">OCLCO</subfield></datafield><datafield ind1="1" ind2=" " tag="029"><subfield code="a">AU@</subfield><subfield code="b">000020589491</subfield></datafield><datafield ind1=" " ind2=" " tag="042"><subfield code="a">pcc</subfield></datafield><datafield ind1=" " ind2=" " tag="043"><subfield code="a">n-us-il</subfield></datafield><datafield ind1="0" ind2="4" tag="245"><subfield code="a">The Chenoa gazette.</subfield></datafield><datafield ind1="1" ind2=" " tag="246"><subfield code="i">Published as:</subfield><subfield code="a">Gazette and herald</subfield><subfield code="f">&lt;Oct. 13, 1899&gt;</subfield></datafield><datafield ind1="3" ind2="3" tag="246"><subfield code="a">Gazette</subfield></datafield><datafield ind1=" " ind2=" " tag="260"><subfield code="a">Chenoa, Ill. :</subfield><subfield code="b">H.O. Hedge &amp; Son</subfield></datafield><datafield ind1=" " ind2=" " tag="300"><subfield code="a">v.</subfield></datafield><datafield ind1=" " ind2=" " tag="310"><subfield code="a">Weekly</subfield></datafield><datafield ind1="1" ind2=" " tag="362"><subfield code="a">Began in 1889.</subfield></datafield><datafield ind1=" " ind2=" " tag="588"><subfield code="a">Description based on: Vol. 22, no. 47 (June 1, 1889).</subfield></datafield><datafield ind1=" " ind2=" " tag="588"><subfield code="a">Latest issue consulted: Vol. 34, no. 15 (Oct. 13, 1900).</subfield></datafield><datafield ind1=" " ind2="0" tag="651"><subfield code="a">Chenoa (Ill.)</subfield><subfield code="v">Newspapers.</subfield></datafield><datafield ind1=" " ind2="7" tag="655"><subfield code="a">Newspapers.</subfield><subfield code="2">fast</subfield><subfield code="0">(OCoLC)fst01423814</subfield></datafield><datafield ind1=" " ind2="7" tag="651"><subfield code="a">Illinois</subfield><subfield code="z">Chenoa.</subfield><subfield code="2">fast</subfield><subfield code="0">(OCoLC)fst01278449</subfield></datafield><datafield ind1=" " ind2=" " tag="752"><subfield code="a">United States</subfield><subfield code="b">Illinois</subfield><subfield code="c">McLean</subfield><subfield code="d">Chenoa.</subfield></datafield><datafield ind1="0" ind2="0" tag="780"><subfield code="t">Chenoa weekly gazette</subfield><subfield code="w">(DLC)sn 90054517</subfield><subfield code="w">(OCoLC)21182468</subfield></datafield><datafield ind1="0" ind2="5" tag="780"><subfield code="t">Gridley herald (Gridley, Ill.)</subfield></datafield><datafield ind1="0" ind2="4" tag="785"><subfield code="t">Chenoa clipper</subfield><subfield code="w">(DLC)sn 87082637</subfield><subfield code="w">(OCoLC)15812915</subfield></datafield></record>